@misc{springwebsite,
    title     = "Spring Boot",
    note = {Legutóbb meglátogatva: 2025.05.16.},
    url       = "https://spring.io/projects/spring-boot"
}

@misc{IDEAwebsite,
    title     = "IntelliJ IDEA",
    note = {Legutóbb meglátogatva: 2025.05.16.},
    url       = "https://www.jetbrains.com/idea/"
}

@misc{JPAwebsite,
    title     = "Jakarta Persistence",
    note = {Legutóbb meglátogatva: 2025.05.16.},
    url       = "https://jakarta.ee/specifications/persistence/"
}

@misc{Hibernatewebsite,
    title     = "Hibernate ORM",
    note = {Legutóbb meglátogatva: 2025.05.16.},
    url       = "https://hibernate.org/orm/"
}

@misc{hibernatewebsite2,
    title = "A Guide to Hibernate Query Language",
    note = {Legutóbb meglátogatva: 2025.05.16.},
    url = "https://docs.jboss.org/hibernate/orm/6.6/querylanguage/html_single/Hibernate_Query_Language.html#parameters"
}

@misc{H2website,
    title     = "H2 Database Engine",
    note = {Legutóbb meglátogatva: 2025.05.16.},
    url       = "https://www.h2database.com/html/main.html"
}

@misc{Mariawebsite,
    title     = "MariaDB Server",
    note = {Legutóbb meglátogatva: 2025.05.16.},
    url       = "https://mariadb.org/"
}

@misc{Angularwebsite,
    title     = "What is Angular?",
    note = {Legutóbb meglátogatva: 2025.05.16.},
    url       = "https://angular.dev/overview"
}

@misc{VSCwebsite,
    title     = "Visual Studio Code documentation",
    note = {Legutóbb meglátogatva: 2025.05.16.},
    url       = "https://code.visualstudio.com/docs"
}


@misc{Materialwebsite,
    title     = "Angular Material",
    note = {Legutóbb meglátogatva: 2025.05.16.},
    url       = "https://material.angular.io/"
}

@misc{Gitwebsite,
    title     = "Git --fast-version-control",
    note = {Legutóbb meglátogatva: 2025.05.16.},
    url       = "https://git-scm.com/"
}

@misc{Rxjswebsite,
     title     = "RxJs",
     note = {Legutóbb meglátogatva: 2025.05.16.},
     url       = "https://rxjs.dev/"
}

@misc{Githubwebsite,
    title     = "GitHub",
    note = {Legutóbb meglátogatva: 2025.05.16.},
    url       = "https://github.com/home"
}

@misc{Viewmodelwebsite,
    title     = "Presentation Model",
    note = {Legutóbb meglátogatva: 2025.05.16.},
    url       = "https://martinfowler.com/eaaDev/PresentationModel.html"
}

@misc{Infbiztwebsite,
    title     = "XSS, CSRF",
    author = "Edit Pengő",
    note = {Legutóbb meglátogatva: 2025.05.16.},
    url       = "https://www.inf.u-szeged.hu/~pengoe/xss_csrf.html"
}

@misc{Angularxsswebsite,
    title = "Angular's cross-site scripting security model",
    note = {Legutóbb meglátogatva: 2025.05.16.},
    url = "https://angular.dev/best-practices/security#angulars-cross-site-scripting-security-model",
}

@misc{Infbiztwebsite2,
    title     = "SQL injection",
    author = "Edit Pengő",
    note = {Legutóbb meglátogatva: 2025.05.16.},
    url       = "https://www.inf.u-szeged.hu/~pengoe/sqli1.html"
}

@misc{Jacocowebsite,
    title     = "JaCoCo Java Code Coverage Library",
    note = {Legutóbb meglátogatva: 2025.05.16.},
    url       = "https://www.eclemma.org/jacoco/"
}

@misc{3Awebsite,
    title     = "Arrange/Act/Assert Pattern in Java: Enhance Testing Clarity and Simplicity",
    note = {Legutóbb meglátogatva: 2025.05.16.},
    url       = "https://java-design-patterns.com/patterns/arrange-act-assert/"
}

@misc{Corswebsite,
    title     = "CORS",
    note = {Legutóbb meglátogatva: 2025.05.16.},
    url       = "https://docs.spring.io/spring-framework/reference/web/webmvc-cors.html"
}
@misc{Fetchwebsite,
    title     = "Fetch",
    note = {Legutóbb meglátogatva: 2025.05.16.},
    url       = "https://fetch.spec.whatwg.org/"
}

@misc{Pipewebsite,
    title     = "Pipes",
    note = {Legutóbb meglátogatva: 2025.05.16.},
    url       = "https://angular.dev/guide/templates/pipes"
}

@misc{Routerwebsite,
    title     = "@angular/router",
    note = {Legutóbb meglátogatva: 2025.05.16.},
    url       = "https://v17.angular.io/api/router"
}

@misc{ReactiveFormswebsite,
    title     = "ReactiveFormsModule",
    note = {Legutóbb meglátogatva: 2025.05.16.},
    url       = "https://angular.dev/api/forms/ReactiveFormsModule"
}

@misc{Guardwebsite,
    title     = "CanActivateFn",
    note = {Legutóbb meglátogatva: 2025.05.16.},
    url       = "https://angular.dev/api/router/CanActivateFn"
}

@misc{JWTwebsite,
    title     = "Introduction to JSON Web Tokens",
    note = {Legutóbb meglátogatva: 2025.05.16.},
    url       = "https://jwt.io/introduction"
}

@misc{DoodleWebsite,
    title     = "Professional scheduling made easy",
    note = {Legutóbb meglátogatva: 2025.05.16.},
    url       = "https://doodle.com/en/"
}

@misc{3layerwebsite,
    title     = "What is three-tier architecture?",
    note = {Legutóbb meglátogatva: 2025.05.16.},
    url       = "https://www.ibm.com/think/topics/three-tier-architecture"
}




